@article{asafu2000relationship,
  title={The relationship between energy consumption, energy prices and economic growth: time series evidence from Asian developing countries},
  author={Asafu-Adjaye, John},
  journal={Energy economics},
  volume={22},
  number={6},
  pages={615--625},
  year={2000},
  publisher={Elsevier}
}

@article{zhang2009energy,
  title={Energy consumption, carbon emissions, and economic growth in China},
  author={Zhang, Xing-Ping and Cheng, Xiao-Mei},
  journal={Ecological Economics},
  volume={68},
  number={10},
  pages={2706--2712},
  year={2009},
  publisher={Elsevier}
}

@article{paul2004causality,
  title={Causality between energy consumption and economic growth in India: a note on conflicting results},
  author={Paul, Shyamal and Bhattacharya, Rabindra N},
  journal={Energy economics},
  volume={26},
  number={6},
  pages={977--983},
  year={2004},
  publisher={Elsevier}
}

@article{mehrara2007energy,
  title={Energy consumption and economic growth: the case of oil exporting countries},
  author={Mehrara, Mohsen},
  journal={Energy policy},
  volume={35},
  number={5},
  pages={2939--2945},
  year={2007},
  publisher={Elsevier}
}

@article{ritchie1981complexities,
  title={Complexities of household energy consumption and conservation},
  author={Ritchie, JR Brent and McDougall, Gordon HG and Claxton, John D},
  journal={Journal of Consumer Research},
  volume={8},
  number={3},
  pages={233--242},
  year={1981},
  publisher={The University of Chicago Press}
}